month,sales
2019-01,2815
2019-02,2672
2019-03,2755
2019-04,2721
2019-05,2946
2019-06,3036
2019-07,2282
2019-08,2212
2019-09,2922
2019-10,4301
2019-11,5764
2019-12,7312
2020-01,2541
2020-02,2475
2020-03,3031
2020-04,3266
2020-05,3776
2020-06,3230
2020-07,3028
2020-08,1759
2020-09,3595
2020-10,4474
2020-11,6838
2020-12,8357
2021-01,3113
2021-02,3006
2021-03,4047
2021-04,3523
2021-05,3937
2021-06,3986
2021-07,3260
2021-08,1573
2021-09,3528
2021-10,5211
2021-11,7614
2021-12,9254